<record><leader>00000cas a2200000 a 4500</leader><controlfield tag="001">14202323</controlfield><controlfield tag="008">860910d18491872lauwr ne      0   a0eng c</controlfield><datafield ind1=" " ind2=" " tag="010"><subfield code="a">sn 86053688 </subfield></datafield><datafield ind1=" " ind2=" " tag="040"><subfield code="a">NPX</subfield><subfield code="b">eng</subfield><subfield code="c">NPX</subfield><subfield code="d">YOX</subfield><subfield code="d">LNP</subfield><subfield code="d">YOX</subfield><subfield code="d">MGN</subfield><subfield code="d">CVF</subfield><subfield code="d">OCL</subfield><subfield code="d">KRTAS</subfield><subfield code="d">LNP</subfield><subfield code="d">OCLCQ</subfield><subfield code="d">DLC</subfield><subfield code="d">OCLCF</subfield></datafield><datafield ind1="0" ind2=" " tag="022"><subfield code="a">2332-5402</subfield><subfield code="2">1</subfield></datafield><datafield ind1="1" ind2=" " tag="029"><subfield code="a">AU@</subfield><subfield code="b">000005217477</subfield></datafield><datafield ind1="0" ind2=" " tag="041"><subfield code="a">eng</subfield><subfield code="a">fre</subfield></datafield><datafield ind1=" " ind2=" " tag="042"><subfield code="a">pcc</subfield><subfield code="a">nsdp</subfield></datafield><datafield ind1=" " ind2=" " tag="043"><subfield code="a">n-us-la</subfield></datafield><datafield ind1="0" ind2="0" tag="050"><subfield code="a">Newspaper</subfield></datafield><datafield ind1="0" ind2="0" tag="082"><subfield code="a">071</subfield><subfield code="2">23</subfield></datafield><datafield ind1="0" ind2=" " tag="130"><subfield code="a">Planters' banner (Franklin, La. : 1849)</subfield></datafield><datafield ind1=" " ind2="4" tag="222"><subfield code="a">The Planters' banner</subfield><subfield code="b">(Franklin, La. 1849. Print)</subfield></datafield><datafield ind1="1" ind2="4" tag="245"><subfield code="a">The Planters' banner.</subfield></datafield><datafield ind1=" " ind2=" " tag="260"><subfield code="a">Franklin, Attakapas Co., Lou. :</subfield><subfield code="b">Daniel Dennett,</subfield><subfield code="c">1849-</subfield></datafield><datafield ind1=" " ind2=" " tag="300"><subfield code="a">v.</subfield></datafield><datafield ind1=" " ind2=" " tag="310"><subfield code="a">Weekly</subfield></datafield><datafield ind1="0" ind2=" " tag="362"><subfield code="a">Vol. 14, no. 1 (Jan. 5 [i.e. 4] 1849)-</subfield></datafield><datafield ind1="1" ind2=" " tag="362"><subfield code="a">Ceased Apr. 17, 1872?</subfield></datafield><datafield ind1=" " ind2=" " tag="500"><subfield code="a">Feb. 5 and Mar. 30, 1863 extras printed on wallpaper.</subfield></datafield><datafield ind1=" " ind2=" " tag="500"><subfield code="a">Published in New Iberia, Mar. 29, 1871-1872.</subfield></datafield><datafield ind1=" " ind2=" " tag="500"><subfield code="a">"Official journal of the parish of St. Mary, Attakapas, Louisiana."</subfield></datafield><datafield ind1=" " ind2=" " tag="530"><subfield code="a">Archived issues are available in digital format as part of the Library of Congress Chronicling America online collection.</subfield></datafield><datafield ind1=" " ind2=" " tag="546"><subfield code="a">With legal notices in French, 1849-&lt;Dec. 28, 1867&gt;.</subfield></datafield><datafield ind1=" " ind2="0" tag="651"><subfield code="a">Franklin (La.)</subfield><subfield code="v">Newspapers.</subfield></datafield><datafield ind1=" " ind2="0" tag="651"><subfield code="a">New Iberia (La.)</subfield><subfield code="v">Newspapers.</subfield></datafield><datafield ind1=" " ind2="7" tag="655"><subfield code="a">Newspapers.</subfield><subfield code="2">fast</subfield><subfield code="0">(OCoLC)fst01423814</subfield></datafield><datafield ind1=" " ind2="7" tag="651"><subfield code="a">Louisiana</subfield><subfield code="z">Franklin.</subfield><subfield code="2">fast</subfield><subfield code="0">(OCoLC)fst01220345</subfield></datafield><datafield ind1=" " ind2="7" tag="651"><subfield code="a">Louisiana</subfield><subfield code="z">New Iberia.</subfield><subfield code="2">fast</subfield><subfield code="0">(OCoLC)fst01206431</subfield></datafield><datafield ind1=" " ind2=" " tag="752"><subfield code="a">United States</subfield><subfield code="b">Louisiana</subfield><subfield code="c">Saint Mary</subfield><subfield code="d">Franklin.</subfield></datafield><datafield ind1=" " ind2=" " tag="752"><subfield code="a">United States</subfield><subfield code="b">Louisiana</subfield><subfield code="c">Iberia</subfield><subfield code="d">New Iberia.</subfield></datafield><datafield ind1="0" ind2="8" tag="776"><subfield code="i">Online version:</subfield><subfield code="t">Planters' banner (Franklin, La. : 1849 : Online)</subfield><subfield code="x">2332-5410</subfield><subfield code="w">(DLC)  2013272165</subfield><subfield code="w">(OCoLC)862979281</subfield></datafield><datafield ind1="0" ind2="0" tag="780"><subfield code="t">Planters' banner, and Louisiana agriculturist (Franklin, La. : 1842)</subfield><subfield code="w">(DLC)sn 85034245</subfield><subfield code="w">(OCoLC)12598121</subfield></datafield><datafield ind1="4" ind2="1" tag="856"><subfield code="u">http://www.loc.gov/chroniclingamerica/lccn/sn86053688/issues</subfield></datafield><datafield ind1=" " ind2=" " tag="938"><subfield code="a">Kirtas Technologies, Inc.</subfield><subfield code="b">KRTS</subfield><subfield code="n">739707</subfield></datafield></record>